@IEEEtranBSTCTL{IEEEexample:BSTcontrol,
CTLdash_repeated_names= "no",
}


@misc{nordquist2020basic,
  author = {Nordquist, Richard},
  title = {The basic elements of the communication process},
  year = {2020},
  url = {https://www.thoughtco.com/what-is-communication-process-1689767},
  note = {Accedido el: 2022-05-27}
}

@article{stokoe2005sign,
  title={Sign language structure: An outline of the visual communication systems of the American deaf},
  author={Stokoe Jr, William C},
  journal={Journal of deaf studies and deaf education},
  volume={10},
  number={1},
  pages={3--37},
  year={2005},
  publisher={Oxford University Press}
}

@phdthesis{demare2019barriers,
  title={Barriers facing deaf and hard-of-hearing people in outdoor education},
  author={DeMare, Anthony Rosario},
  year={2019},
  school={Alaska Pacific University}
}

@book{racino2014public,
  title={Public administration and disability: Community services administration in the US},
  author={Racino, Julie Ann},
  year={2014},
  publisher={CRC Press}
}
