@book{tapscott2016blockchain,
  title={Blockchain Revolution: How the Technology Behind Bitcoin Is Changing Money, Business, and the World},
  author={Tapscott, Don and Tapscott, Alex},
  year={2016},
  publisher={Penguin},
  note="Test of note"
}

