\RequirePackage{filecontents}
\begin{filecontents}{\jobname.bib}
@IEEEtranBSTCTL{IEEEexample:BSTcontrol,
CTLdash_repeated_names= "no",
}

Enunciado de los generales bizantinos, utilizado como antecedente
@article{lamport1982byzantine,
  title={The Byzantine generals problem},
  author={Lamport, Leslie and Shostak, Robert and Pease, Marshall},
  journal={ACM Transactions on Programming Languages and Systems (TOPLAS)},
  volume={4},
  number={3},
  pages={382--401},
  year={1982},
  publisher={ACM}
}


Citado en multiples ocasiones, pues es fundamental en la explicacion de que es y como funciona bitcoin y blockchain
@book{tapscott2016blockchain,
  title={Blockchain Revolution: How the Technology Behind Bitcoin Is Changing Money, Business, and the World},
  author={Tapscott, Don and Tapscott, Alex},
  year={2016},
  publisher={Penguin},
  language={spanish}
}

@inproceedings{chaum1983blind,
  title={Blind signatures for untraceable payments},
  author={Chaum, David},
  booktitle={Advances in cryptology},
  pages={199--203},
  year={1983},
  organization={Springer},
  language={spanish}
}

@article{nakamoto2008bitcoin,
  title={Bitcoin: A peer-to-peer electronic cash system},
  author={Nakamoto, Satoshi},
  year={2008},
  publisher={Working Paper},
  language={spanish}
}

@book{Lewis2016blockchain,
  title={Blockchain Your Comprehensive Guide To Understanding The Decentralized Future},
  author={Christopher Lewis},
  year={2016},
  language={spanish}
}

@book{stallings2004fundamentos,
  title={Fundamentos de seguridad en redes: aplicaciones y est{\'a}ndares},
  author={Stallings, William},
  year={2004},
  publisher={Pearson Educaci{\'o}n},
  language={spanish}
}

@article{crosby2016blockchain,
  title={Blockchain technology: Beyond bitcoin},
  author={Crosby, Michael and Pattanayak, Pradan and Verma, Sanjeev and Kalyanaraman, Vignesh},
  journal={Applied Innovation},
  volume={2},
  pages={6--10},
  year={2016},
  language={spanish}
}

https://www.oroyfinanzas.com/2014/10/que-altcoins-criptomoneda/
@misc{altcoins2014oroyfinanzas,
  author = {OroyFinanzas.com},
  title = {{Altcoin: ¿Qué son las Altcoins? – Criptomonedas}},
  howpublished = "\url{https://www.oroyfinanzas.com/2014/10/que-altcoins-criptomoneda/}",
  year={2014},
  note = "[Referenciado el día: Diciembre 12 2018]",
  language={spanish}
}

###################################################

Ejemplo de URL
@misc{dineroelectronicowww,
  author = {Instituto Internacional Español de Marketing Digital},
  title = {{Que es dinero eleéctronico}},
  howpublished = "\url{https://iiemd.com/dinero/dinero-electronico/que-es-dinero-electronico/}",
  note = "[Referenciado el día: Mayo 02 2018]",
  language={spanish}
}

Informe febrero de 2015 publicado por el banco central europeo sobre las monedas virtuales
@misc{bceuropeo2015virtual,
  title={Virtual currency schemes--a further analysis},
  author={Central, European Bank},
  month={February},
  year={2015},
  publisher={Luty},
  language={spanish}
}


https://hardwareate.com/cuanto-tarda-una-transferencia-de-bitcoin
@misc{tiempo2018Hardwareate,
  author = {Hardwareate},
  title = {{¿Cuánto tarda una transferencia de Bitcoin?}},
  howpublished = "\url{https://hardwareate.com/cuanto-tarda-una-transferencia-de-bitcoin/}",
  year={2018},
  note = "[Referenciado el día: Diciembre 11 2018]",
  language={spanish}
}


@misc{blockchainsize2018blockchain,
  author = {blockchain.com},
  title = {{Blockchain Size}},
  howpublished = "\url{https://www.blockchain.com/charts/blocks-size?/}",
  year={2018},
  note = "[Referenciado el día: Diciembre 12 2018]",
  language={spanish}
}


https://www.oroyfinanzas.com/2014/10/que-altcoins-criptomoneda/
@misc{largeblockchain2013bitcointalk,
  author = {bitcointalk.org},
  title = {{What prevents the blockchain from becoming impossibly large?}},
  howpublished = "\url{https://bitcointalk.org/index.php?topic=145535.msg1544462#msg1544462}",
  year={Febrero 21 de 2013},
  note = "[Referenciado el día: Enero 02 2019]",
  language={spanish}
}

https://www.oroyfinanzas.com/2014/10/que-altcoins-criptomoneda/
misc{1mbrestriction2015bitcointalk,
  author = {bitcointalk.org},
  title = {{Permanently keeping the 1MB (anti-spam) restriction is a great idea ...}},
  howpublished = "\url{https://bitcointalk.org/index.php?topic=946236.0}",
  year={Febrero 05 de 2015},
  note = "[Referenciado el día: Enero 02 2019]",
  language={spanish}
}

@misc{scalingdebate2017coindesc,
  author = {Corin Faife},
  title = {{Will 2017 Bring an End to Bitcoin’s Great Scaling Debate?}},
  howpublished = "\url{https://www.coindesk.com/2016-bitcoin-protocol-block-size-debate}",
  year={Enero 05 de 2017},
  note = "[Referenciado el día: Enero 04 2019]",
  language={spanish}
}



https://bitcointalk.org/index.php?topic=5085510.0
On chain scaling
December 16, 2018, 06:14:46 AM
@misc{chainScaling2018bitcointalk,
  author = {bitcointalk.org},
  title = {{On chain scaling}},
  howpublished = "\url{https://bitcointalk.org/index.php?topic=5085510.msg48694072#msg48694072}",
  year={Diciembre 16 de 2018},
  note = "[Referenciado el día: Enero 02 2019]",
  language={spanish}
}


https://bitcoinmagazine.com/articles/bitcoin-now-useless-micropayments-solutions-are-coming1/
@misc{bitcoinmicropayments2017bitcoinmagazine,
  author = {Kyle Torpey},
  title = {{Bitcoin is Now Useless for Micropayments, But Solutions are Coming}},
  howpublished = "\url{https://bitcoinmagazine.com/articles/bitcoin-now-useless-micropayments-solutions-are-coming1/}",
  year={2017},
  note = "[Referenciado el día: Enero 03 2019]",
  language={spanish}
}


@misc{ultimateblockchain2012bitcointalk,
  author = {bitcointalk.org},
  title = {{Ultimate blockchain compression w/ trust-free lite nodes}},
  howpublished = "\url{https://bitcointalk.org/index.php?topic=88208}",
  year={Junio 17 de 2012},
  note = "[Referenciado el día: Enero 02 2019]",
  language={spanish}
}

https://nulltx.com/what-is-blockchain-bloat/  
By
JP Buntinx -
June 15, 2017 
@misc{blockchainbloat2017nulltx,
  author = {JP Buntinx},
  title = {{What is Blockchain Bloat?}},
  howpublished = "\url{https://nulltx.com/what-is-blockchain-bloat/}",
  year={Junio 15 de 2017},
  note = "[Referenciado el día: Enero 06 2019]",
  language={spanish}
}

https://bitcointalk.org/index.php?topic=1708059.0
@misc{bcgrowthrate2016bitcointalk,
  author = {Bitcointalk.org},
  title = {{Anyone know the Bitcoin blockchain growth rate?}},
  howpublished = "\url{https://bitcointalk.org/index.php?topic=1708059.0/}",
  year={Diciembre 08 de 2016},
  note = "[Referenciado el día: Enero 06 2019]",
  language={spanish}
}

@article{bruce2014mbc,
  title={The mini-blockchain scheme, 2014},
  author={Bruce, JD},
  journal={URL: http://cryptonite. info}
}

https://www.oroyfinanzas.com/2014/10/que-altcoins-criptomoneda/
@misc{moneda2015historiaybiografias,
  author = {https://historiaybiografias.com/trueque/},
  title = {{Origen del trueque y el comercio con la moneda metálica}},
  howpublished = "\url{https://historiaybiografias.com/trueque/}",
  year={Enero 19 de 2015},
  note = "[Referenciado el día: Mayo 07 2019]",
  language={spanish}
}

Libro en fisico de sistemas distribuidos, de aqui saque tambien información sobre problemas de consenso.
book{coulouris2001sistemas,
  title={Sistemas distribuidos: conceptos y diseño},
  author={Coulouris, George and Dollimore, Jean and Kindberg, Tim and Junquera, Jos{\'e} Belarmino Pulido and Fern{\'a}ndez, Benjam{\'\i}n Sahelices and Hern{\'a}ndez, Jes{\'u}s Mar{\'\i}a Vegas},
  volume={3},
  year={2001},
  publisher={Addison Wesley}
}

Articulo o publicacion donde habla principalmente sobre las caracteristicas del eCash.
inproceedings{baldimtsi2015anonymous,
  title={Anonymous transferable e-cash},
  author={Baldimtsi, Foteini and Chase, Melissa and Fuchsbauer, Georg and Kohlweiss, Markulf},
  booktitle={IACR International Workshop on Public Key Cryptography},
  pages={101--124},
  year={2015},
  organization={Springer}
}

Articulo o publicacion donde hablan sobre las caracteristicas del eCash. Mas orientado al anonimato y
porque es creado
article{tewari2016fully,
  title={Fully Anonymous Transferable Ecash.},
  author={Tewari, Hitesh and Hughes, Arthur},
  journal={IACR Cryptology ePrint Archive},
  volume={2016},
  pages={107},
  year={2016}
}

Analisis de ECash otras consideraciones
inproceedings{dreier2015formal,
  title={Formal analysis of e-cash protocols},
  author={Dreier, Jannik and Kassem, Ali and Lafourcade, Pascal},
  booktitle={e-Business and Telecommunications (ICETE), 2015 12th International Joint Conference on},
  volume={4},
  pages={65--75},
  year={2015},
  organization={IEEE}
}

Articulo Universidad politecnica de Catalunya, Josep Pegueroles, Monedas electronicas
article{pegueroles2002sistemas,
  title={Sistemas de pagos electr{\'o}nicos},
  author={Pegueroles Vall{\'e}s, Josep Rafel},
  journal={Buran},
  number={18},
  pages={40--54},
  year={2002},
  publisher={Escola T{\`e}cnica Superior d'Enginyers de Telecomunicaci{\'o} de Barcelona}
}

inproceedings{chaum1983blind,
  title={Blind signatures for untraceable payments},
  author={Chaum, David},
  booktitle={Advances in cryptology},
  pages={199--203},
  year={1983},
  organization={Springer}
}


Ejemplo de libro con nota
book{tapscott2016blockchain,
  title={Blockchain Revolution: How the Technology Behind Bitcoin Is Changing Money, Business, and the World},
  author={Tapscott, Don and Tapscott, Alex  and others},  % Ejemplo de et al.
  year={2016},
  publisher={Penguin},
  note={hola mundo}
}

Ejemplo de articulo
article{article,
  author  = {Peter Adams}, 
  title   = {The title of the work},
  journal = {The name of the journal},
  year    = 1993,
  number  = 2,
  pages   = {201-213},
  month   = 7,
  note    = {An optional note}, 
  volume  = 4
}

Ejemplo de URL
misc{bworld,
  author = {Ingo Lütkebohle},
  title = {{BWorld Robot Control Software}},
  howpublished = "\url{http://aiweb.techfak.uni-bielefeld.de/content/bworld-robot-control-software/}",
  year = {2008}, 
  note = "[Referenciado el día: 19-July-2008]"
}

book{book,
  author    = {Peter Babington}, 
  title     = {The title of the work},
  publisher = {The name of the publisher},
  year      = 1993,
  volume    = 4,
  series    = 10,
  address   = {The address},
  edition   = 3,
  month     = 7,
  note      = {An optional note},
  isbn      = {3257227892}
}

booklet{booklet,
  title        = {The title of the work},
  author       = {Peter Caxton}, 
  howpublished = {How it was published},
  address      = {The address of the publisher},
  month        = 7,
  year         = 1993,
  note         = {An optional note}
}

conference{conference,
  author       = {Peter Draper}, 
  title        = {The title of the work},
  booktitle    = {The title of the book},
  year         = 1993,
  editor       = {The editor},
  volume       = 4,
  series       = 5,
  pages        = 213,
  address      = {The address of the publisher},
  month        = 7,
  organization = {The organization},
  publisher    = {The publisher},
  note         = {An optional note}  
}

inbook{inbook,
  author       = {Peter Eston}, 
  title        = {The title of the work},
  chapter      = 8,
  pages        = {201-213},
  publisher    = {The name of the publisher},
  year         = 1993,
  volume       = 4,
  series       = 5,
  address      = {The address of the publisher},
  edition      = 3,
  month        = 7,
  note         = {An optional note}
}

incollection{incollection,
  author       = {Peter Farindon}, 
  title        = {The title of the work},
  booktitle    = {The title of the book},
  publisher    = {The name of the publisher},
  year         = 1993,
  editor       = {The editor},
  volume       = 4,
  series       = 5,
  chapter      = 8,
  pages        = {201-213},
  address      = {The address of the publisher},
  edition      = 3,
  month        = 7,
  note         = {An optional note}
}

manual{manual,
  title        = {The title of the work},
  author       = {Peter Gainsford}, 
  organization = {The organization},
  address      = {The address of the publisher},
  edition      = 3,
  month        = 7,
  year         = 1993,
  note         = {An optional note}
}

mastersthesis{mastersthesis,
  author       = {Peter Harwood}, 
  title        = {The title of the work},
  school       = {The school of the thesis},
  year         = 1993,
  address      = {The address of the publisher},
  month        = 7,
  note         = {An optional note}
}

misc{misc,
  author       = {Peter Isley}, 
  title        = {The title of the work},
  howpublished = {How it was published},
  month        = 7,
  year         = 1993,
  note         = {An optional note}
}

phdthesis{phdthesis,
  author       = {Peter Joslin}, 
  title        = {The title of the work},
  school       = {The school of the thesis},
  year         = 1993,
  address      = {The address of the publisher},
  month        = 7,
  note         = {An optional note}
}

proceedings{proceedings,
  title        = {The title of the work},
  year         = 1993,
  editor       = {Peter Kidwelly},
  volume       = 4,
  series       = 5,
  address      = {The address of the publisher},
  month        = 7,
  organization = {The organization},
  publisher    = {The name of the publisher},
  note         = {An optional note}
}

techreport{techreport,
  author       = {Peter Lambert}, 
  title        = {The title of the work},
  institution  = {The institution that published},
  year         = 1993,
  number       = 2,
  address      = {The address of the publisher},
  month        = 7,
  note         = {An optional note}
}

unpublished{unpublished,
  author       = {Peter Marcheford}, 
  title        = {The title of the work},
  note         = {An optional note},
  month        = 7,
  year         = 1993
}
